@article{pandya2013survey,
  title={A Survey on Image Inpainting Techniques},
  author={Pandya, Nirali and Limbasiya, Bhailal},
  journal={International Journal of Current Engineering and Technology},
  volume={3},
  number={5},
  pages={1828--1831},
  year={2013}
}

@inproceedings{levin2003learning,
  title={Learning How to Inpaint from Global Image Statistics.},
  author={Levin, Anat and Zomet, Assaf and Weiss, Yair},
  booktitle={ICCV},
  volume={1},
  pages={305--312},
  year={2003}
}

@article{weiss2001optimality,
  title={On the optimality of solutions of the max-product belief-propagation algorithm in arbitrary graphs},
  author={Weiss, Yair and Freeman, William T},
  journal={IEEE Transactions on Information Theory},
  volume={47},
  number={2},
  pages={736--744},
  year={2001},
  publisher={IEEE}
}

@inproceedings{pouli2011survey,
  title={A survey of image statistics relevant to computer graphics},
  author={Pouli, Tania and Cunningham, Douglas W and Reinhard, Erik},
  booktitle={Computer Graphics Forum},
  volume={30},
  number={6},
  pages={1761--1788},
  year={2011},
  organization={Wiley Online Library}
}